@string{PC = "Personal Communication"}

@string{LNM = "Lecture Notes in Mathematics"}
@string{LNCS = "Lecture Notes in Computer Science"}
@string{SLFM = "Studies in Logic and the Foundations of Mathematics"}
@string{LMSLNS = "London Mathematical Society Lecture Note Series"}
@string{GTM = "Graduate Texts in Mathematics"}
@string{JFP = "Journal of Functional Programming"}
@string{ENTCS = "Electronic Notes in Theoretical Computer Science"}
@STRING{fac     = "{F}ormal {A}spects of {C}omputing" }
@string{CUP = "Cambridge University Press"}
@string{OUP = "Oxford University Press"}
@string{AP = "Academic Press"}
@string{NH = "North-Holland"}

@article{Seely84,
 author		= {Seely, R.},
 title		= {{Locally Cartesian Closed Categories and Type Theory}},
 journal	= {{Mathematical Proceedings of the Cambridge Philosophical
Society}},
 volume		= 95,
 year		= 1984,
 pages		= {33--48}}

@book{deREng99,
 author = {W. DeRoever and K. Engelhardt},
 title = {Data Refinement: Model-Oriented Proof Methods and Their Comparison},
 year = {1999},
 isbn = {0521641705},
 publisher = {Cambridge University Press},
 address = {New York, NY, USA},
 }

@Article{debruijn:telescopes,
  author = 	 {N. G. de~{B}ruijn},
  title = 	 {{T}elescopic {M}appings in {T}yped
  {L}ambda-{C}alculus},
  journal = 	 {Information and Computation},
  year = 	 1991,
  volume =	 91,
  pages =	 {189--204}
}


@InProceedings{PS89,
  author       = "K. Petersson and D. Synek",
  title        = "A set constructor for inductive sets in {M}artin-{L}{\"o}f's
                 type theory",
  booktitle    = "Proceedings of the 1989 {C}onference on {C}ategory {T}heory
                 and {C}omputer {S}cience, Manchester, UK",
  publisher    = "Springer Verlag",
  volume       = "389",
  series       = "LNCS",
  year         = "1989",
}

@book{Morgan,
 author = {C. Morgan},
 title = {Programming from specifications (2nd ed.)},
 year = {1994},
 isbn = {0-13-123274-6},
 publisher = {Prentice Hall International (UK) Ltd.},
 address = {Hertfordshire, UK, UK},
 }

@Book{BvW,
  author       = "R-J. Back and J. von Wright",
  title        = "Refinement calculus, {A} systematic introduction",
  series       = "Graduate Texts in Computer Science",
  publisher    = "Springer-Verlag",
  address      = "New York",
  year         = "1998",
  pages        = "xvi+519",
  ISBN         = "0-387-98417-8",
  MRclass      = "68N05 (68Q55 68Q60)",
  MRnumber     = "99g:68023",
  mrreviewer   = "Manfred Broy",
}


@InProceedings{FTP99,
  author = 	 {M.~Fiore and G.~D Plotkin and D.~Turi},
  title = 	 {Abstract syntax and variable binding},
  booktitle = 	 {Proc.\ of 14th Ann.\ IEEE Symp.\ on Logic in Comp.\
  Sci., LICS'99},
  pages = 	 {193-202},
  year = 	 {1999},
  publisher = {IEEE CS Press}
}

@InProceedings{alti:csl99,
  author = 	 {T. Altenkirch and B. Reus},
  title = 	 {Monadic presentations of lambda terms using generalized inductive types},
  booktitle = 	 {Computer Science Logic},
  year =	 {1999},
  
}

@Article{bird.paterson:folds.nested,
  author =       "R. Bird and R. Paterson",
  title =        "Generalised folds for nested datatypes",
  journal =      fac, 
  volume =       11,
  year =         1999,
  number =       3
}

@article{ aczel99relating,
    author = "P. Aczel",
    title = "On Relating Type Theories and Set Theories",
    journal = "Lecture Notes in Computer Science",
    volume = "1657",
    pages = "1--??",
    year = "1999",
    url = "citeseer.ist.psu.edu/aczel98relating.html" }


@InProceedings{ghani-fossacs99,
  author =       {Ghani,N. and de Paiva,V. and Ritter,E.},
  title =        {Categorical Models of Explicit Substitutions},
  booktitle =    {Proceedings of FOSSACS'99},
  pages =        {197-211},
  year =         {1999},
  number =       {1578},
  series =       {Lecture Notes in Computer Science},
  publisher = {Springer-Verlag}
}

@phdthesis{abbott-phd,
    author = "M. Abbott",
    title = "Categories of Containers",
    school = "University of Leicester",
    year = 2003
}

@inproceedings{HylandGambino,
  author = "N. Gambino and M. Hyland",
  title = "Wellfounded Trees and Dependent Polynomial Functors",
  booktitle = "Types for Proofs and Programs ({TYPES} 2003)",
  editor = "S. Berardi and M. Coppo and F. Damiani",
  series = LNCS,
  year = 2004
}

@InCollection{dybjer:families,
  author =       "P. Dybjer",
  title =        "Inductive {S}ets and {F}amilies in {M}artin-{L}{\"o}f's {T}ype
                  {T}heory",
  crossref =     "huet.plotkin:logical.frameworks"
}

@article{conor.james:viewfromleft,
   journal = {Journal of Functional Programming},
   number = {1},
   volume = {14},
   title = {The View From The Left},
   year = {2004},
   author = {C. McBride and J. McKinna}
}

@Book{            luo:typetheoryforcs,
  author        = "Z. Luo",
  title         = "{C}omputation and {R}easoning: {A} {T}ype {T}heory
                  for {C}omputer {S}cience",
  publisher     = "{O}xford {U}niversity {P}ress",
  year          = 1994
}

@InProceedings{backhouse.jansson.jeuring.meertens:generic,
  author =       "R. Backhouse and P. Jansson and J.
                  Jeuring and L. Meertens",
  title =        "Generic {P}rogramming---{A}n {I}ntroduction",
  crossref =     "lncs1608",
  pages =        "28--115"
}


@Article{benke.dybjer.jansson:universes,
  author =       {M. Benke and P. Dybjer and P. Jansson},
  title =        {Universes for generic programs and proofs in dependent type th
eory},
  journal =      {Nordic Journal of Computing},
  year =         {2003},
  volume =       {10},
  pages =        {265-269}
}

@Article{huet:zipper,
  author =       "G. Huet",
  title =        "{T}he {Z}ipper",
  journal =      "Journal of {F}unctional {P}rogramming",
  year =         1997,
  volume =       7,
  number =       5,
  pages =        "549--554"
}

@Article{dfordata,
  author =       {M. Abbott and T. Altenkirch and
                  N. Ghani and C. McBride},
  title =        {$\partial$ for data: derivatives of data structures},
  journal =      {Fundamenta Informaticae},
  year =         2005,
  volume =       65,
  number =       {1,2},
  pages =        {1--128},
  month =        {March}
} 

@Unpublished{conor:derivative,
  author =       "C. McBride",
  title =        "The {D}erivative of a {R}egular {T}ype is its {T}ype of
                  {O}ne-{H}ole {C}ontexts",
  note =         "{Available online}",
  year =         2001

}

@article{hinze.jeuring.loh:tidts,
    author    = {Hinze, R. and Jeuring, J. and L{\"o}h, A.},
    journal   = {Science of Computer Programmming},
    pages     = {117-151},
    title     = {Type-indexed data types},
    volume    = 51,
    year      = 2004
}

@inproceedings{morris.alti.conor:regular,
  author = "P. Morris and T. Altenkirch and C. McBride",
  title = "Exploring the Regular Tree Types",
  booktitle = "Types for Proofs and Programs ({TYPES} 2004)",
  editor = "Jean-Christophe Filliatre, Christine Paulin-Mohring and Benjamin Werner",
  series = LNCS,
  year = 2006
}

@INPROCEEDINGS{hancock-csl00,
  AUTHOR =	 {P. Hancock and A. Setzer},
  TITLE =	 {{Interactive Programs in Dependent Type Theory}},
  BOOKTITLE =	 {Proceedings of the 14th International Workshop on
                  Computer Science Logic (CSL 2000)},
  EDITOR =	 {P.G. Clote and H. Schwichtenberg},
  SERIES =	 {Lecture Notes in Computer Science},
  NUMBER =	 {LNCS 1862},
  PUBLISHER =	 {Springer},
  MONTH =	 AUG,
  YEAR =	 2000
}

@Article{hancock-apal06,
  author =	 {P. Hancock and P. Hyvernat},
  title =	 {Programming Interfaces and Basic Topology},
  journal =	 {Annals of Pure and Applied Logic},
  year =	 {2006},
}

@PhdThesis{PHDpeter,
  author =	 "P. Hancock",
  title =	 "Ordinals and interactive programs",
  school =	 "Laboratory for {F}oundations of {C}omputer
                  {S}cience, {U}niversity of {E}dinburgh",
  year =	 "2000",
  type =	 "Ph{D}",
}

@InProceedings{Hyvernat:CSL04,
   author = {P. Hyvernat},
   title = {Predicate Transformers and Linear Logic: yet another
            Denotational Model},
   pages = {115--129},
   booktitle = {18th International Workshop {CSL} 2004},
   month = {September},
   year = {2004},
   editor = {Jerzy Marcinkowski and Andrzej Tarlecki},
   volume = {3210},
   series = {Lecture Notes in Computer Science},
   publisher = {Springer-Verlag}
}

@inproceedings{hancocksetzer:pontedelima:2000,
author = {Hancock, P. and Setzer, A.},
title = {Specifying 
interactions with dependent types},
booktitle = {Workshop on subtyping and dependent types in programming, Portugal,
 7 July 2000},
note = {Electronic proceedings, available via http://www-sop.inria.fr/oasis/DTP00/Proceedings/proceedings.html},
year = 2000,
abstract = { },
available = { }
}

@PhdThesis{PHDhyvernat,
  author =	 "P. Hyvernat",
  title =	 "A Logical Investigation of Interaction Systems",
  school =	 "Institut {M}athématique de {L}uminy",
  year =	 "2005",
  type =	 "Ph{D}",
}

@InProceedings{alti-icalp04,
  author =	 {M. Abbott and T. Altenkirch and N.
                  Ghani},
  title =	 {Representing Nested Inductive Types using {W-types}},
  booktitle =	 {Automata, Languages and Programming, 31st
                  International Colloqium (ICALP)},
  pages =	 {59 -- 71},
  year =	 {2004}
}

@inproceedings{tlca03,
    author = "M. Abbott and T. Altenkirch and N. Ghani 
              and C. McBride",
    title = "Derivatives of Containers",
    booktitle = "6th International Conference on 
                Typed Lambda Calculi and Applications",
    series = LNCS,
    volume = 2701,
    year = 2003
}

@book{CLTT,
    author = "B. Jacobs",
    title = "Categorical Logic and Type Theory",
    publisher = "Elsevier",
    year = 1999,
    series = SLFM,
    number = 141
}

@Proceedings{     lncs1608,
  title         = "Advanced {F}unctional {P}rogramming,
		   {T}hird {I}nternational {S}ummer {S}chool
                  ({AFP} '98); Braga, Portugal",
  booktitle         = "Advanced {F}unctional {P}rogramming,
		   {T}hird {I}nternational {S}ummer {S}chool
                  ({AFP} '98); {B}raga, {P}ortugal",
  year          = 1998,
  editor =	 "S. Doaitse Sweierstra and Pedro R. Henriques and
		  Jos{\'e} N. Oliveira",
  volume        = 1608,
  series        = lncs,
  publisher     = "Springer-Verlag",
}

@incollection{ hofmann97syntax,
    author = "M. Hofmann",
    title = "Syntax and Semantics of Dependent Types",
    booktitle = "Semantics and Logics of Computation",
    volume = "14",
    publisher = "Cambridge University Press",
    address = "Cambridge",
    editor = "A. M. Pitts and P. Dybjer",
    pages = "79--130",
    year = "1997",
    url = "citeseer.ist.psu.edu/hofmann97syntax.html" }

@inproceedings{ hofmann94interpretation,
    author = "M. Hofmann",
    title = "On the Interpretation of Type Theory in Locally Cartesian Closed Categories",
    booktitle = "{CSL}",
    pages = "427-441",
    year = "1994",
    url = "citeseer.ist.psu.edu/hofmann94interpretation.html" }

@Book{streicher91,
  title = 	 "Semantics of {T}ype {T}heory",
  booktitle = 	 "Semantics of {T}ype {T}heory",
  publisher = 	 "Birkhauser Boston Inc.",
  year = 	 1991,
  author =	 "T. {S}treicher"
}

@InProceedings{ghani-tlca03,
  author =       {M. Abbott and T. Altenkirch and N. Ghani 
		                    and C. McBride},
  title =        {Derivatives of Containers},
  booktitle =    {Typed Lambda Calculi and Applications, TLCA 2003},
  pages =        {16-30},
  year =         {2003},
  editor =       {Martin Hofmann},
  number =       {2701},
  series =       {Lecture notes in Computer Science},
  publisher = {Springer}
}

@Book{huet.plotkin:logical.frameworks,
  title =        "Logical {F}rameworks",
  booktitle =    "Logical {F}rameworks",
  publisher =    "CUP",
  year =         1991,
  editor =       "G. Huet and G. Plotkin"
}

@Book{            z:morg94b,
  author =	 {C. C. Morgan},
  title =	 {Programming from Specifications},
  publisher =	 {Prentice Hall International Series in Computer
                  Science},
  edition =	 {2nd},
  isbn =	 {13-12332274-6},
  length =	 320,
  year =	 1994,
  annote =	 {This book presents a rigorous treatment of most
                  elementary program development techniques, including
                  iteration, recursion, procedures, parameters,
                  modules and data refinement.}
}

@inproceedings{ bundy99proofs,
    author = "A. Bundy and J. Richardson",
    title = "Proofs About Lists Using Ellipsis",
    booktitle = "Logic Programming and Automated Reasoning",
    pages = "1-12",
    year = "1999",
    url = "citeseer.ist.psu.edu/article/bundy99proofs.html" }

@inproceedings{Rawle,
 Author = "R. Prince and N. Ghani and C. McBride",
 Title = "{Proving Properties of Lists using Containers}",
 Booktitle = {{FLOPS}},
 Year = "2008",
}

@Misc{Agda,
  author =       {{The Agda Team}},
  title =        {The Agda Wiki},
  year =         2009,
  note =        {\url{http://wiki.portal.chalmers.se/agda/agda.php}}
}

@phdthesis{ulf:thesis,
  author  = {U. Norell},
  title	  = {Towards a Practical Programming Language based on Dependent Type
	     Theory},
  school  = {Chalmers University of Technology},
  year	  = 2007,
}

@InProceedings{alti:cats07,
  author =	 {P. Morris and T. Altenkirch and N. Ghani},
  title =	 {Constructing Strictly Positive Families},
  year = 	 {2007},
  booktitle =	 {The Australasian Theory Symposium (CATS2007)},
  month =	 {January}
}

@Article{alti:jcats07,
  author =	 {P. Morris and T. Altenkirch and N. Ghani},
  title =	 {A Universe of Strictly Positive Families},
  year = 	 {2007},
  journal = 	 {Theory of Computation},
}
@article{sfp,
  title={{Elementary strong functional programming}},
  author={Turner, D.A.},
  journal={First International Symposium on Functional Programming Languages in Education},
  volume={1022},
  pages={1--13},
  year={1985},
  publisher={Springer}
}

@article{BirdDeMoor:AlgProp,
  title={{Algebra of programming}},
  author={Bird, R. and de Moor, O.},
  journal={Deductive Program Design},
  year={1996},
  publisher={Springer}
}

@book{nordstrom90,
    author = "B. Nordstr{\"o}m and K. Petersson and J. M. Smith",
    title = "Programming in {M}artin-{L}{\"o}f's Type Theory",
    publisher = OUP,
    series = "International Series of Monographs on Computer Science",
    number = 7,
    year = 1990
}

@inproceedings{cayenne,
 author = {L. Augustsson},
 title = {Cayenne, a language with dependent types},
 booktitle = {Proceedings of the 1998 ICFP},
 year = {1998},
 pages = {239--250},
 publisher = {ACM},
 }

@manual{CIC,
        Author = {{The {Coq} Development Team}},
        Title = {{The Coq Proof Assistant Reference Manual -- Version 8.1}},
        Url = {http://coq.inria.fr},
        Year = 2008}

@inproceedings{martin-lof74,
    author = "P. Martin-L{\"o}f",
    title = "An Intuitionistic Theory of Types: Predicative Part",
    booktitle = "Proceedings of the Logic Colloquium",
    editor = "H. E. Rose and J. C. Shepherdson",
    publisher = NH,
    year = 1974,
    pages = "73--118"
}

@article{hancock2006pia,
  title={{Programming interfaces and basic topology}},
  author={Hancock, P. and Hyvernat, P.},
  journal={{Annals of Pure and Applied Logic}},
  volume={137},
  number={1-3},
  pages={189--239},
  year={2006},
  publisher={Elsevier BV}
}

@article{altenkirch2006ic,
  title={{Indexed containers}},
  author={Altenkirch, T. and Ghani, N. and Hancock, P. and McBride, C. and Morris, P.},
  journal={Manuscript, available online, February},
  year={2006}
}

@inproceedings{JoyalA:fonaes,
author =       {Joyal, A.},
title =        {Foncteurs Analytiques et Esp\`eces de Structures},
editor =       {Labelle, Gilbert and Leroux, Pierre},
booktitle =    {Combinatoire \'enumerative},
publisher =    {Springer-Verlag},
series =       {Lecture Notes in Mathematics},
number =       1234,
year =         1987,
pages =        {126--159}
}

@Article{GirardNormal,
author =       {Girard, J-Y.},
title =        {Normal functors, power series and lambda-calculus},
journal =      {{Annals of Pure and Applied Logic}},
year =         1988,
volume =       37,
number =       2,
pages =        {129--177}
}

@book{luo1994car,
  title={{Computation and Reasoning: A Type Theory for Computer Science}},
  author={Luo, Z.},
  year={1994},
  publisher={Oxford University Press}
}

@article{fiore2008ccb,
  title={{The cartesian closed bicategory of generalised species of structures}},
  author={Fiore, M. and Gambino, N. and Hyland, M. and Winskel, G.},
  journal={Journal of the London Mathematical Society},
  volume={77},
  number={1},
  pages={203},
  year={2008}
}


@InProceedings{chapman:tts,
  title={{Type Theory should eat itself}},
  author={J. Chapman},
  booktitle = {International Workshop on Logical Frameworks and Meta-Languages (LFMTP)},
  year =	 {2008},
}

@article{DybjerSetzer06,
  title={{Indexed induction--recursion}},
  author={Dybjer, P. and Setzer, A.},
  journal={Journal of Logic and Algebraic Programming},
  volume={66},
  number={1},
  pages={1--49},
  year={2006},
  publisher={Elsevier}
}

@article{DybjerSetzer99,
  title={{A finite axiomatization of inductive-recursive definitions}},
  author={Dybjer, P. and Setzer, A.},
  journal={Typed Lambda Calculi and Applications},
  volume={1581},
  pages={129--146},
  year={1999},
  publisher={Springer}
}

@Misc{epigram,
  author =       {McBride, C. and McKinna, J.},
  title =        {Epigram},
  year =         2008,
  note =         {\url{http://www.e-pig.org/}}
}

@Misc{agdaform,
  author =       {Altenkirch, T. and Morris, P.},
  title =        {{Indexed Containers --- Agda formalisation}},
  year =         2009,
  note =         {\url{http://www.cs.nott.ac.uk/~pwm/ICont.lagda}}
}

@article{sozeau,
  title={{Subset Coercions in Coq}},
  author={Sozeau, M.},
  journal={TYPES 2006, LNCS},
  volume={4502},
  pages={237},
  year={2007},
  publisher={Springer}
}

@article{Hinze:GADT,
  title={{First-Class Phantom Types}},
  author={Cheney, J. and Hinze, R.},
  year={2003},
  journal={The Fun of Programming}
}

@Article{bsn,
  title={{Big-step normalisation}},
  author={Thorsten Altenkirch and James Chapman},
  journal={Journal of Functional Programming},
  volume={19},
  number={3-4},
  pages={311--333},
  year={2009},
  publisher={Cambridge University Press}
}
@book{martinlof:itt,
  title={{Intuitionistic Type Theory}},
  author={Martin-L\"{o}f, P.},
  year={1984},
  publisher={Bibliopolis}
}

@InProceedings{alti:fossacs03,
  author = 	 {M. Abbott and T. Altenkirch and N. Ghani },
  title = 	 {Categories of Containers},
  booktitle = 	 {Proceedings of Foundations of Software Science and Computation Structures},
  year =	 {2003}
}

@inproceedings{alti:ott-conf,
 author = {T. Altenkirch and C. McBride and W. Swierstra},
 title = {Observational equality, now!},
 booktitle = {{Programming Languages meet Program Verification (PLPV2007)}},
 year = {2007},
 isbn = {978-1-59593-677-6},
 pages = {57--68},
 location = {Freiburg, Germany},
 doi = {http://doi.acm.org/10.1145/1292597.1292608},
 publisher = {ACM},
 address = {New York, NY, USA},
 }

@InProceedings{alti:csl98,
  author = 	 {T. Altenkirch},
  title = 	 {Logical relations and inductive/coinductive types},
  booktitle = 	 {Computer Science Logic, 12th International Workshop, CSL '98},
  pages = 	 {343-354},
  year =	 {1998},
  series =	 {LNCS 1584}
}


@article{alti:relmonads,
  title={{Monads need not be endofunctors}},
  author={Altenkirch, T. and Chapman, J. and Uustalu, T.},
  journal={Foundations of Software Science and Computational Structures},
  pages={297--311},
  year={2010},
  publisher={Springer}
}

@book{aspertilongo,
  title={{Categories, types, and structures}},
  author={Asperti, A. and Longo, G.},
  isbn={0262011255},
  year={1991},
  publisher={MIT Pr.}
}

@InProceedings{txa:catind2,
  author = 	 {Thorsten Altenkirch and Fredrik Nordvall Forsberg and Peter Morris and Anton Setzer},
  title = 	 {A categorical semantics for inductive-inductive definitions},
  OPTcrossref =  {},
  OPTkey = 	 {},
  booktitle =	 {CALCO 2011: Fourth International Conference on Algebra and Coalgebra in Computer Science},
  OPTpages = 	 {},
  year =	 {2011},
  OPTeditor = 	 {},
  OPTvolume = 	 {},
  OPTnumber = 	 {},
  OPTseries = 	 {},
  OPTaddress = 	 {},
  OPTmonth = 	 {},
  OPTorganization = {},
  OPTpublisher = {},
  note =	 {to appear},
  OPTannote = 	 {}
}

@conference{forsberg2010inductive,
  title={{Inductive-inductive definitions}},
  author={Forsberg, F.N. and Setzer, A.},
  booktitle={Proceedings of the 24th international conference/19th annual conference on Computer science logic},
  pages={454--468},
  isbn={364215204X},
  year={2010},
  organization={Citeseer}
}

@article{hofmann1996conservativity,
  title={{Conservativity of equality reflection over intensional type theory}},
  author={Hofmann, M.},
  journal={Types for Proofs and Programs},
  pages={153--164},
  year={1996},
  publisher={Springer}
}

@article{txa:cie10,
  title={{Higher Order Containers}},
  author={Altenkirch, Thorsten and Levy, Paul and Staton, Sam},
  journal =	 {Computability in Europe},
  year =	 {2010},
}

@conference{txa:mpc2010g,
  title={{Subtyping, declaratively; an exercise in mixed induction and coinduction}},
  author={Danielsson, Nils Anders and Altenkirch, Thorsten},
  booktitle={Proceedings of the Tenth International Conference on Mathematics of Program Construction (MPC 10)},
  year={2010}
}

@InProceedings{alti:lics09,
  author =	 {Peter Morris and Thorsten Altenkirch},
  title =	 {Indexed Containers},
  year = 	 {2009},
  booktitle =	 {Twenty-Fourth IEEE Symposium in Logic in Computer Science (LICS 2009)},
}

@article{alti:fossacs10,
  author =	 {Thorsten Altenkirch and James Chapman and Tarmo Uustalu},
  title =	 {Monads Need Not Be Endofunctors},
  journal={Foundations of Software Science and Computational Structures},
  pages={297--311},
  year={2010},
  publisher={Springer}
}

@Article{alti:cont-tcs,
  author = 	 {Michael Abott and Thorsten Altenkirch and Neil Ghani},
  title = 	 {Containers - Constructing Strictly Positive Types},
  journal = 	 {Theoretical Computer Science},
  year = 	 {2005},
  volume =	 {342},
  pages =	 {3--27},
  month =	 {September},
  note =	 {Applied Semantics: Selected Topics},
}

@article{kock2009notes,
  title={Notes on polynomial functors},
  author={Kock, J.},
  journal={Manuscript, version},
  pages={08--05},
  year={2009}
}

@Unpublished{kock2009notes,
  author = 	 {Joachim Kock},
  title = 	 {Notes on polynomial functors},
  note = 	 {Manuscript, available online},
  year =	 {2009},
}

